<record><leader>01302cam a2200349 a 4500</leader><controlfield tag="001">6803603</controlfield><controlfield tag="003">OCoLC</controlfield><controlfield tag="005">20150130122536.0</controlfield><controlfield tag="008">140726s2015    caua     b    001 0 eng d</controlfield><datafield ind1=" " ind2=" " tag="020"><subfield code="a">9781483344454</subfield><subfield code="q">pbk</subfield></datafield><datafield ind1=" " ind2=" " tag="020"><subfield code="a">1483344452</subfield><subfield code="q">pbk</subfield></datafield><datafield ind1=" " ind2=" " tag="035"><subfield code="a">ocn884817260</subfield></datafield><datafield ind1=" " ind2=" " tag="040"><subfield code="a">BTCTA</subfield><subfield code="b">eng</subfield><subfield code="c">BTCTA</subfield><subfield code="d">BDX</subfield><subfield code="d">YDXCP</subfield><subfield code="d">CDX</subfield><subfield code="d">OCLCO</subfield><subfield code="d">UAB</subfield><subfield code="d">AEU</subfield></datafield><datafield ind1=" " ind2="4" tag="050"><subfield code="a">LB1031</subfield><subfield code="b">.T56 2015</subfield></datafield><datafield ind1="0" ind2="4" tag="082"><subfield code="a">371.39/4</subfield><subfield code="2">23</subfield></datafield><datafield ind1=" " ind2=" " tag="090"><subfield code="a">LB 1031 T56 2015</subfield><subfield code="b">AEU</subfield></datafield><datafield ind1="1" ind2=" " tag="100"><subfield code="a">Thousand, Jacqueline S.,</subfield><subfield code="d">1950-</subfield></datafield><datafield ind1="1" ind2="0" tag="245"><subfield code="a">Differentiating instruction :</subfield><subfield code="b">planning for universal design and teaching for college and career readiness /</subfield><subfield code="c">Jacqueline S. Thousand, Richard A. Villa, Ann I. Nevin.</subfield></datafield><datafield ind1=" " ind2=" " tag="250"><subfield code="a">2nd ed.</subfield></datafield><datafield ind1=" " ind2=" " tag="260"><subfield code="a">Thousand Oaks, Calif. :</subfield><subfield code="b">Corwin,</subfield><subfield code="c">c2015.</subfield></datafield><datafield ind1=" " ind2=" " tag="300"><subfield code="a">xxii, 333 p. :</subfield><subfield code="b">ill. ;</subfield><subfield code="c">28 cm.</subfield></datafield><datafield ind1=" " ind2=" " tag="336"><subfield code="a">text</subfield><subfield code="b">txt</subfield><subfield code="2">rdacontent</subfield></datafield><datafield ind1=" " ind2=" " tag="337"><subfield code="a">unmediated</subfield><subfield code="b">n</subfield><subfield code="2">rdamedia</subfield></datafield><datafield ind1=" " ind2=" " tag="338"><subfield code="a">volume</subfield><subfield code="b">nc</subfield><subfield code="2">rdacarrier</subfield></datafield><datafield ind1=" " ind2=" " tag="504"><subfield code="a">Includes bibliographical references and index.</subfield></datafield><datafield ind1=" " ind2=" " tag="596"><subfield code="a">41</subfield></datafield><datafield ind1=" " ind2="0" tag="650"><subfield code="a">Individualized instruction.</subfield></datafield><datafield ind1=" " ind2="0" tag="650"><subfield code="a">Teaching teams.</subfield></datafield><datafield ind1="1" ind2=" " tag="700"><subfield code="a">Villa, Richard A.,</subfield><subfield code="d">1952-</subfield></datafield><datafield ind1="1" ind2=" " tag="700"><subfield code="a">Nevin, Ann.</subfield></datafield><datafield ind1=" " ind2=" " tag="949"><subfield code="a">LB 1031 T56 2015</subfield><subfield code="c">1</subfield><subfield code="h">UAED-B</subfield><subfield code="i">0162035238136</subfield></datafield><datafield ind1=" " ind2=" " tag="926"><subfield code="a">LB 1031 T56 2015</subfield><subfield code="w">LC</subfield><subfield code="c">1</subfield><subfield code="i">0162035238136</subfield><subfield code="d">2/28/2017</subfield><subfield code="e">1/30/2017</subfield><subfield code="l">FLOOR_2</subfield><subfield code="m">UAEDUC</subfield><subfield code="n">4</subfield><subfield code="p">$150.00</subfield><subfield code="r">Y</subfield><subfield code="s">Y</subfield><subfield code="t">BOOK</subfield><subfield code="u">2/11/2015</subfield></datafield></record>